<record><leader>00000cas a22000007a 4500</leader><controlfield tag="001">12827768</controlfield><controlfield tag="008">851121d19001903pauwr ne      0    0eng d</controlfield><datafield ind1=" " ind2=" " tag="010"><subfield code="a">sn 87078170 </subfield></datafield><datafield ind1=" " ind2=" " tag="040"><subfield code="a">NPH</subfield><subfield code="b">eng</subfield><subfield code="c">NPH</subfield><subfield code="d">OCLCQ</subfield></datafield><datafield ind1=" " ind2=" " tag="042"><subfield code="a">msc</subfield></datafield><datafield ind1="0" ind2=" " tag="130"><subfield code="a">Farmers' friend (Mechanicsburg, Pa. : 1900)</subfield></datafield><datafield ind1="1" ind2="4" tag="245"><subfield code="a">The farmers' friend.</subfield></datafield><datafield ind1=" " ind2=" " tag="260"><subfield code="a">Mechanicsburg, Pa. :</subfield><subfield code="b">[R.H. Thomas],</subfield><subfield code="c">1900-1903.</subfield></datafield><datafield ind1=" " ind2=" " tag="300"><subfield code="a">4 v. :</subfield><subfield code="b">ill.</subfield></datafield><datafield ind1=" " ind2=" " tag="310"><subfield code="a">Weekly</subfield></datafield><datafield ind1="0" ind2=" " tag="362"><subfield code="a">Vol. 27, no. 1 (Jan. 6, 1900)-v. 30, no. 11 (Mar. 14, 1903).</subfield></datafield><datafield ind1=" " ind2=" " tag="500"><subfield code="a">"The pioneer journal of the Grange Movement."</subfield></datafield><datafield ind1=" " ind2=" " tag="752"><subfield code="a">United States</subfield><subfield code="b">Pennsylvania</subfield><subfield code="c">Cumberland</subfield><subfield code="d">Mechanicsburg.</subfield></datafield><datafield ind1="0" ind2="0" tag="780"><subfield code="t">Farmers' friend and Grange advocate</subfield><subfield code="w">(DLC)sn 87078169</subfield><subfield code="w">(OCoLC)12827724</subfield></datafield><datafield ind1="0" ind2="0" tag="785"><subfield code="t">Farmers' friend and Grange trade bulletin</subfield><subfield code="w">(DLC)sn 87078168</subfield><subfield code="w">(OCoLC)12827795</subfield></datafield></record>